
<record>
  <controlfield tag="001">377118</controlfield>
  <datafield tag="035" ind1=" " ind2=" ">
    <subfield code="a">Cinabro:1994hm</subfield>
    <subfield code="9">SPIRESTeX</subfield>
  </datafield>
  <datafield tag="037" ind1=" " ind2=" ">
    <subfield code="a">CLEO-CONF-94-27</subfield>
  </datafield>
  <datafield tag="245" ind1=" " ind2=" ">
    <subfield code="a">Measurement of the branching ratio for Upsilon (1S) ---&gt; tau+ tau-</subfield>
  </datafield>
  <datafield tag="710" ind1=" " ind2=" ">
    <subfield code="g">CLEO</subfield>
  </datafield>
</record>