
<record>
  <controlfield tag="001">377117</controlfield>
  <datafield tag="035" ind1=" " ind2=" ">
    <subfield code="z">D94-15942</subfield>
    <subfield code="9">DESY</subfield>
  </datafield>
  <datafield tag="035" ind1=" " ind2=" ">
    <subfield code="a">Gronberg:1994hk</subfield>
    <subfield code="9">SPIRESTeX</subfield>
  </datafield>
  <datafield tag="037" ind1=" " ind2=" ">
    <subfield code="a">CLEO-CONF-94-24</subfield>
  </datafield>
  <datafield tag="245" ind1=" " ind2=" ">
    <subfield code="a">Measurement of B (tau- ---&gt; tau-neutrino K- K0) and b (tau- ---&gt; tau-neutrino K- K0 pi0)</subfield>
  </datafield>
  <datafield tag="710" ind1=" " ind2=" ">
    <subfield code="g">CLEO</subfield>
  </datafield>
</record>