
<record>
  <controlfield tag="001">377113</controlfield>
  <datafield tag="035" ind1=" " ind2=" ">
    <subfield code="z">D94-16677</subfield>
    <subfield code="9">DESY</subfield>
  </datafield>
  <datafield tag="035" ind1=" " ind2=" ">
    <subfield code="a">Battle:1994hg</subfield>
    <subfield code="9">SPIRESTeX</subfield>
  </datafield>
  <datafield tag="037" ind1=" " ind2=" ">
    <subfield code="a">CLEO-CONF-94-18</subfield>
  </datafield>
  <datafield tag="245" ind1=" " ind2=" ">
    <subfield code="a">Measurement of the ratios B (D(s)+ ---&gt; eta lepton+ neutrino) / B (D(s)+ ---&gt; phi lepton+ neutrino) and B (D(s)+ ---&gt; eta-prime lepton+ neutrino) / B (D(s)+ ---&gt; phi lepton+ neutrino)</subfield>
  </datafield>
  <datafield tag="710" ind1=" " ind2=" ">
    <subfield code="g">CLEO</subfield>
  </datafield>
</record>