
<record>
  <controlfield tag="001">376874</controlfield>
  <datafield tag="035" ind1=" " ind2=" ">
    <subfield code="z">D94-16669</subfield>
    <subfield code="9">DESY</subfield>
  </datafield>
  <datafield tag="035" ind1=" " ind2=" ">
    <subfield code="a">Cinabro:1994ne</subfield>
    <subfield code="9">SPIRESTeX</subfield>
  </datafield>
  <datafield tag="037" ind1=" " ind2=" ">
    <subfield code="a">CLEO-CONF-94-8</subfield>
  </datafield>
  <datafield tag="245" ind1=" " ind2=" ">
    <subfield code="a">A Study of baryon production in B decay: Search for semileptonic decays of B mesons to charmed baryons and the first observation of Xi(c) production in B decay</subfield>
  </datafield>
  <datafield tag="710" ind1=" " ind2=" ">
    <subfield code="g">CLEO</subfield>
  </datafield>
</record>