
<record>
  <controlfield tag="001">376863</controlfield>
  <datafield tag="035" ind1=" " ind2=" ">
    <subfield code="z">D94-16670</subfield>
    <subfield code="9">DESY</subfield>
  </datafield>
  <datafield tag="035" ind1=" " ind2=" ">
    <subfield code="a">Bergfeld:1994ku</subfield>
    <subfield code="9">SPIRESTeX</subfield>
  </datafield>
  <datafield tag="037" ind1=" " ind2=" ">
    <subfield code="a">CLEO-CONF-94-9</subfield>
  </datafield>
  <datafield tag="245" ind1=" " ind2=" ">
    <subfield code="a">Measurements of B ---&gt; D(s)+ X decays</subfield>
  </datafield>
  <datafield tag="710" ind1=" " ind2=" ">
    <subfield code="g">CLEO</subfield>
  </datafield>
</record>