
<record>
  <controlfield tag="001">376816</controlfield>
  <datafield tag="035" ind1=" " ind2=" ">
    <subfield code="z">D94-16665</subfield>
    <subfield code="9">DESY</subfield>
  </datafield>
  <datafield tag="035" ind1=" " ind2=" ">
    <subfield code="a">Athanas:1994gea</subfield>
    <subfield code="9">SPIRESTeX</subfield>
  </datafield>
  <datafield tag="037" ind1=" " ind2=" ">
    <subfield code="a">CLEO-CONF-94-2</subfield>
  </datafield>
  <datafield tag="245" ind1=" " ind2=" ">
    <subfield code="a">A Constraint on |V(td) / V(ts)| from B ---&gt; rho (omega) gamma / B ---&gt; K* gamma</subfield>
  </datafield>
  <datafield tag="710" ind1=" " ind2=" ">
    <subfield code="g">CLEO</subfield>
  </datafield>
</record>